% This file was created with JabRef 2.5.
% Encoding: UTF-8

@STRING{AmJPsychiatry = {}}

@STRING{InfChildDev = {Infant and Child Development}}

@STRING{NeurobiolLearnMem = {Neurobiology of Learning and Memory}}

@STRING{TrendsCognSci = {Journal of Cognitive Neuroscience}}

@ARTICLE{bb2005,
  author = {Joshua W. Brown and Todd S. Braver},
  title = {Learned Predictions of error likelihood in the anterior cingulate cortex},
  journal = {Science},
  year = {2005},
  volume = {307},
  pages = {1118-1121}
}

@ARTICLE{rft2008,
  author = {Catharine H Rankin, Thomas Abrams and others},
  title = {Habituation revisited: An updated and revised description of the behavioral characteristics of habituation},
  journal = {Neurobiology of Learning and Memory},
  year = {2008},
  volume = {2},
  pages = {135-138},
  number = {5},
  month = {Nov}
}

@ARTICLE{cornell,
  author = {Edward H. Cornell},
  title = {Infants' recognition memory, forgetting, and savings},
  journal = {Journal of Experimental Child Psychology},
  year = {1979},
  volume = {28},
  pages = {359-374},
  number = {2}
}

@MISC{deng,
  author = {Da Deng and Nikola Kasabov},
  title = {Evolving Self-Organizing Maps for On-Line Learning, Data Analisis},
  year = {2000}
}

@ARTICLE{sbm1992,
  author = {ES Spelke, K Breinlinger, J Macomber, K Jacobson},
  title = {Origins of knowledge},
  journal = {psychological review},
  year = {1992},
  volume = {99},
  pages = {605-632}
}

@ARTICLE{rm2008,
  author = {Frida E. Polli, Jason J. S. Barton, Katharine N. Thakkar, Douglas N. Greve, Donald C. Goff, Scott L. Rauch and Dara S. Manoach},
  title = {Reduced error-related activation in two anterior cingulate circuits is related to impaired performance in schizophrenia},
  journal = {Brain},
  year = {2008},
  volume = {131},
  pages = {971-986}
}

@INPROCEEDINGS{fritzke,
  author = {Bernd Fritzke},
  title = {Growing Self-organizing Networks - Why?},
  booktitle = {In ESANN’96: European Symposium on Artificial Neural Networks},
  year = {1996},
  pages = {61--72},
  publisher = {Publishers}
}

@BOOK{ritter,
  title = {Neural Computation and Self-Organizing Maps: an introduction },
  publisher = {Addison Wesley Longman Publishing Co.},
  year = {1992},
  author = {H Ritter, T Martinetz and K Schulten }
}

@ARTICLE{hpn2004,
  author = {Carmel Houston-Price and Satsuki Nakai},
  title = {Distinguishing novelty and familiarity effects in infant preference procedures},
  journal = {Infant and Child Development},
  year = {2004},
  volume = {13},
  pages = {341-348}
}

@BOOK{jmh1963,
  title = {Motivation inherent in information precessing},
  publisher = {Ronald Press},
  year = {1963},
  editor = {O.J. Harvey},
  author = {J. M. Hunt},
  address = {New York}
}

@ARTICLE{ha1988,
  author = {Michael A. Hunter and Elinor W. Ames},
  title = {A multifactor model of infant preferences for novel and familiar stimuli},
  journal = {Advances in Infancy Research},
  year = {1988},
  volume = {5},
  pages = {69-95}
}

@ARTICLE{jsp2003,
  author = {Johnson, Scott P. and Bremner, J. Gavin and Slater, Alan and Mason, Uschi and Foster, Kirsty and Cheshire, Andrea},
  title = {Infants' Perception of Object Trajectories},
  journal = {Child Development},
  year = {2003},
  volume = {74},
  pages = {94--108},
  number = {1}
}

@ARTICLE{kw1986,
  author = {Peter S. Kaplan and John S. Werner},
  title = {Habituation, Response to Novelty, and Dishabituation in human infants: Tests of Dual Process Theory of visual attention},
  journal = {Journal of experimental child psychology},
  year = {1986},
  volume = {42},
  pages = {199-217}
}

@MISC{kidd,
  author = {Kidd. C., Piantadosi. S. and Aslin. R. },
  title = {The Goldilocks Effect: Infants’ preference for visual stimuli that are neither too predictable nor too surprising},
  year = {2010}
}



@BOOK{kohonen1,
  title = {Self-Organizing Maps},
  publisher = {Springer},
  year = {1995},
  editor = {},
  author = {T. Kohonen},
  address = {}
}

@ARTICLE{kohonen2,
  author = {Kohonen},
  title = {The Self-Organizing Map},
  journal = {Proceedings of the IEEE},
  year = {1990},
  volume = {78},
  pages = {1464-1480}
}

@ARTICLE{kohonen3,
  author = {T. Kohonen},
  title = {Self-organized formation of topologically correct feature maps},
  journal = {Biological Cybernetics},
  year = {1982},
  volume = {43},
  pages = {59-69}
}

@ARTICLE{hak1983,
  author = {Michael A. Hunter, Elinor W. Ames and Raymond Koopman},
  title = {Effects of stimulus complexity and familiarization time on infant preferences for novel and familiar stimuli},
  journal = {Development psychology},
  year = {1983},
  volume = {19},
  pages = {338-352},
  number = {3}
}

@ARTICLE{dittenbach,
  author = {Michael Dittenbach, Dieter Merkl, Andreas Rauber},
  title = {The Growing Hierarchical Self-Organizing Map},
  journal = {Proceedings of the IIEEE-INNS-ENNS International Joint Conference on Neural Networks (IJCNN2000)},
  year = {2000},
  volume = {6},
  pages = {15-19}
}

@ARTICLE{miikkulainen,
  author = {Risto Miikkulainen},
  title = {Script Recognition with Hierarchical Feature Maps},
  journal = {Connection Science},
  year = {1990},
  volume = {2},
  pages = {83--101}
}

@BOOK{ph2003,
  title = {Recognition memory and novelty preference: what model},
  publisher = {Lawrence Erlbaum Associates},
  year = {2003},
  editor = {Harlene Hayne and Jeffrey Fagen},
  author = {O Pascalis and M de Haan},
  journal = {Progress in Infancy Research}
}

@ARTICLE{ryab,
  author = {Ryan, R.M. and Deci, E.L.},
  title = {Intrinsic and extrinsic motivation: classic definition and new directions},
  journal = {Contep. Educ. Psycol.},
  year = {2000},
  volume = {25},
  pages = {54-67}
}

@ARTICLE{rbs2000,
  author = {Beverly J. Roder; Emily W. Bushnell; Anne Marie Sasseville},
  title = {Infants' Preferences for Familiarity and Novelty During the Course of Visual Processing},
  journal = {Infancy},
  year = {2000},
  volume = {1},
  pages = {491 - 507},
  number = {4}
}

@INPROCEEDINGS{js2008,
  author = {Schmidhuber, Jürgen},
  title = {Driven by Compression Progress: A Simple Principle Explains Essential Aspects of Subjective Beauty, Novelty, Surprise, Interestingness, Attention, Curiosity, Creativity, Art, Science, Music, Jokes},
  booktitle = {Anticipatory Behavior in Adaptive Learning Systems},
  year = {2009},
  pages = {61--72},
  publisher = {Springer Berlin / Heidelberg}
}

@ARTICLE{isb2003,
  author = {Shigehiko Ito, Veit Stuphorn, Joshua W. Brown and Jeffrey D. Schall},
  title = {Performance monitoring by the anterior cingulate cortex during saccade contermanding},
  journal = {Science},
  year = {2003},
  volume = {302},
  pages = {120--122}
}

@ARTICLE{ssdm2004,
  author = {Sylvain Sirois and Denis Mareschal},
  title = {An Interacting Systems model of infant habituation},
  journal = {Journal of Cognitive Neuroscience},
  year = {2004},
  volume = {16},
  pages = {1352-1362},
  number = {8}
}

@ARTICLE{ssdm2002,
  author = {Sylvain Sirois and Denis Mareschal},
  title = {Models of habituation in infancy},
  journal = {Trends in cognitive science},
  year = {2002},
  volume = {6},
  pages = {293-298},
  number = {7},
  month = {July}
}

@BOOK{ens1963,
  title = {Perception and the conditioned reflex},
  publisher = {Hillsdale},
  year = {1963},
  author = {E. N. Solokov},
  address = {NJ:LEA}
}



@ARTICLE{jcs1976,
  author = {James. C. Stanley},
  title = {Computer simulation of a model of habituation},
  journal = {Nature},
  year = {1976},
  volume = {261},
  pages = {146-148},
  month = {May}
}

@ARTICLE{nicholas,
  author = {Nicholas V. Swindale and Hans-Ulrich Bauer},
  title = {Application of Kohonen's self-organizing feature map algorithm to cortical maps of orientation and direction preference},
  journal = {Proc. R. Soc. Lond. B},
  year = {1998},
  volume = {256},
  pages = {827-838}
}

@ARTICLE{topdown,
  author = {T Trappenberg, P Hartono and D Rasmusson},
  title = {Top-Down Control of Learning in Biological Self-Organizing Maps},
  journal = {Lecture Notes in Computer Science},
  year = {2009},
  volume = {5629},
  pages = {316-324}
}

@ARTICLE{trf1966,
  author = {Thompson, Richard F.; Spencer, William A.},
  title = {Habituation: A model phenomenon for the study of neuronal substrates of behavior.},
  journal = {Psychological Review.},
  year = {1966},
  volume = {73},
  pages = {16-43},
  number = {1},
  month = {Jan}
}

@BOOK{wht1956,
  title = {Learning and instinct in animals},
  publisher = {Methuen},
  year = {1956},
  author = {W. H. Thorpe},
  address = {London:Methuen}
}

@ARTICLE{wc1973,
  author = {M. J. Wetherford and L.B. Cohen},
  title = {Developmental changes in infant visual preferences for novelty and familiarity},
  journal = {Child Development},
  year = {1973},
  volume = {44},
  pages = {416-424}
}

@ARTICLE{malsburg,
  author = {D. J. Willshaw and C. von der Malsburg},
  title = {How patterned neural connexions can be set up by self-organisation},
  journal = {Proc. R. Soc. Lond. B},
  year = {1976},
  volume = {194},
  pages = { 431-445}
}

@ARTICLE{kw1992,
  author = {K Wynn},
  title = {Addition and subtraction by human infants},
  journal = {Nature},
  year = {1992},
  volume = {358},
  pages = {749 - 750},
  number = {749-750}
}

@article{rohwer1971,
title = "Elaboration training and paired-associate learning efficiency
in children",
journal = "Journal of Educational Psychology",
volume = "62",
number = "5",
pages = "376 - 383",
year = "1971",
issn = "0022-0663",
doi = "DOI: 10.1037/h0031672",
}

@article{triesch2001,
 author = {Triesch, Jochen and Von Der Malsburg, Christoph},
 title = {Democratic Integration: Self-Organized Integration of Adaptive Cues},
 journal = {Neural Comput.},
 volume = {13},
 issue = {9},
 month = {September},
 year = {2001},
 issn = {0899-7667},
 pages = {2049--2074},
 numpages = {26},
 url = {http://portal.acm.org/citation.cfm?id=1119715.1119722},
 doi = {10.1162/089976601750399308},
 acmid = {1119722},
 publisher = {MIT Press},
 address = {Cambridge, MA, USA},
} 
